@article{Banfield93,
    author={J.D. Banfield and A.E. Raftery},
    title={Model-based {G}aussian and non-{G}aussian clustering},
    year=1993,
    journal={Biometrics},
    volume=49,
    pages={803--821}
}

@Article{Baudry10,
    author={J. Baudry and A.E. Raftery and G. Celeux and K. Lo and R. Gottardo},
    title={Combining mixture components for clustering},
    journal={Journal of Computational and Graphical Statistics},
    year=2010,
    volume=19,
    number=2,
    pages={332--353}
}

@Article{Biernacki00,
    author={C. Biernacki and G. Celeux and G. Govaert},
    title={Assessing a mixture model for clustering with the integrated completed likelihood},
    journal={IEEE Transactions on Pattern Analysis and Machine Intelligence},
    year=2000,
    volume=22,
    pages={719--725}
}

@article{Campbell97,
    author={J.G. Campbell and C. Fraley and F. Murtagh and A.E. Raftery},
    title={Linear flaw detection in woven textiles using model-based clustering},
    year=1997,
    journal={Pattern Recognition Letters},
    volume=18,
    pages={1539--1548}
}

@article{Celeux95,
    author={G. Celeux and G. Govaert},
    title={Gaussian parsimonious clustering models},
    year=1995,
    journal={Pattern Recognition},
    volume=28,
    pages={781--793}
}

@Article{Dasgupta98,
    author={A. Dasgupta and A.E. Raftery},
    title={Detecting features in spatial point processes with clutter via model-based clustering},
    journal={Journal of the American Statistical Association},
    year=1998,
    volume=93,
    pages={294--302}
}

@article{Dempster77,
    author={A.P. Dempster and N.M. Laird and D.B. Rubin},
    title={Maximum likelihood for incomplete data via the {EM} algorithm},
    year=1977,
    journal={Journal of the Royal Statistical Society, Series B},
    volume=39,
    pages={1--38}
}

@article{Fraley98,
    author={C. Fraley and A.E. Raftery},
    title={How Many Clusters? {A}nswers via Model-Based Cluster Analysis},
    journal={The Computer Journal},
    volume=41,
    pages={578--588},
    year=1998
}

@article{Hartigan78,
    author={J.A. Hartigan and M.A. Wong},
    title={Algorithm {AS} 136: a $K$-means clustering algorithm},
    year=1978,
    journal={Applied Statistics},
    volume=28,
    pages={100--108}
}

@book{Kaufman90,
    author={L. Kaufman and P.J. Rousseeuw},
    title={Finding Groups in Data},
    year=1990,
    publisher={Wiley},
    address={New York}
}

@book{McLachlan88,
    author={G.J. McLachlan and K.E. Basford},
    title={Mixture Models: Inference and Applications to Clustering},
    year=1988,
    publisher={Marcel Dekker},
    address={New York}
}

@article{Mukerjee98,
    author={S. Mukerjee and E.D. Feigelson and G.J. Babu and F. Murtagh and C. Fraley and A.E. Raftery},
    title={Three types of gamma ray bursts},
    year=1998,
    journal={The Astrophysical Journal},
    volume=508,
    pages={314--327}
}

@article{Murtagh84,
    author={F. Murtagh and A.E. Raftery},
    title={Fitting straight lines to point patterns},
    year=1984,
    journal={Pattern Recognition},
    volume=17,
    pages={479--483}
}

@article{Peel00,
    author={D. Peel and G.J. McLachlan},
    title={Robust mixture modeling using the $t$ distribution},
    year=2000,
    journal={Statistical Computing},
    pages={339--348}
}
